@article{kaggle_competition,
  author={Kaggle},
  title={GoDaddy - Microbusiness Density Forecasting},
  year={2023},
  url={https://www.kaggle.com/competitions/godaddy-microbusiness-density-forecasting}
}


@article{arima,
  author={Wikipedia},
  title={Autoregressive integrated moving average},
  url={https://en.wikipedia.org/wiki/Autoregressive_integrated_moving_average}
}

@article{wold,
  author={Wikipedia},
  title={Wold's decomposition},
  url={https://en.wikipedia.org/wiki/Wold%27s_decomposition}
}

@article{mle,
  author={Towards data science},
  title={Probability concepts explained: Maximum likelihood estimation},
  url={https://towardsdatascience.com/probability-concepts-explained-maximum-likelihood-estimation-c7b4342fdbb1}
}


@article{rnn_article,
  author={Afshine Amidi, Shervine Amidi},
  title={Recurrent Neural Networks cheatsheet},
  url={https://stanford.edu/~shervine/teaching/cs-230/cheatsheet-recurrent-neural-networks}
}

@article{stat_quest,
  author={StatQuest with Josh Starmer},
  title={Recurrent Neural Networks (RNNs) and Long Short-Term Memory (LSTM) Networks},
  url={https://www.youtube.com/@statquest}
}
